@article{charpentier,
	title={The estimation of copulas: Theory and practice},
	author={Scaillet, Olivier and Charpentier, Arthur and Fermanian, Jean-David},
	year={2007}
}

@article{tixier2017construction,
	  title={Construction safety risk modeling and simulation},
	  author={Tixier, Antoine J-P and Hallowell, Matthew R and Rajagopalan, Balaji},
	  journal={Risk analysis},
	  volume={37},
	  number={10},
	  pages={1917--1935},
	  year={2017},
	  publisher={Wiley Online Library}
	}

@article{tixierNLP,
	title = "Automated content analysis for construction safety: A natural language processing system to extract precursors and outcomes from unstructured injury reports",
	journal = "Automation in Construction",
	volume = "62",
	pages = "45 - 56",
	year = "2016",
	issn = "0926-5805",
	doi = "https://doi.org/10.1016/j.autcon.2015.11.001",
	url = "http://www.sciencedirect.com/science/article/pii/S0926580515002265",
	author = "Antoine J.-P. Tixier and Matthew R. Hallowell and Balaji Rajagopalan and Dean Bowman",
	keywords = "Automated content analysis, Natural language processing, Text mining, Knowledge extraction, Accident, Injury, Safety, Attribute, Risk, R"
}

@phdthesis{prades,
	title={Attribute-based risk model for assessing risk to industrial construction tasks},
	author={Villanova, Marc Prades},
	year={2014},
	school={University of Colorado at Boulder}
}

@phdthesis{desvignes,
	title={Requisite empirical risk data for integration of safety with advanced technologies and intelligent systems},
	author={Desvignes, Matthieu},
	year={2014},
	school={University of Colorado at Boulder}
}